@inproceedings{Bhatele:mapping,
 author = {Bhatele, Abhinav and Gamblin, Todd and Langer, Steven H. and Bremer, Peer-Timo and Draeger, Erik W. and Hamann, Bernd and Isaacs, Katherine E. and Landge, Aaditya G. and Levine, Joshua A. and Pascucci, Valerio and Schulz, Martin and Still, Charles H.},
 title = {{Mapping Applications with Collectives over Sub-communicators on Torus Networks}},
 booktitle = {Proceedings of the International Conference on High Performance Computing, Networking, Storage and Analysis},
 series = {SC '12},
 year = {2012},
 isbn = {978-1-4673-0804-5},
 location = {Salt Lake City, Utah},
 pages = {97:1--97:11},
 articleno = {97},
 numpages = {11},
 acmid = {2389128},
 publisher = {IEEE Computer Society Press},
 address = {Los Alamitos, CA, USA},
}

@InProceedings{Proxies:Gaurav,
author = {Gaurav Khanna and Umit Catalyurek and Tahsin Kurc and Rajkumar Kettimuthu and P. Sadayappan and Ian Foster and Joel Saltz},
title = {{Using Overlays for Efficient Data Transfer over Shared Wide-area Networks}},
journal ={SC Conference},
volume = {0},
isbn = {978-1-4244-2835-9},
year = {2008},
pages = {1-12},
publisher = {IEEE Computer Society},
address = {Los Alamitos, CA, USA},
}

@inproceedings{Kumar:Allreduce,
 author = {Kumar, Sameer and Faraj, Daniel},
 title = {{Optimization of MPI\_Allreduce on the Blue Gene/Q Supercomputer}},
 booktitle = {Proceedings of the 20th European MPI Users' Group Meeting},
 series = {EuroMPI '13},
 year = {2013},
 isbn = {978-1-4503-1903-4},
 location = {Madrid, Spain},
 pages = {97--103},
 numpages = {7},
 acmid = {2488557},
 publisher = {ACM},
 address = {New York, NY, USA},
 keywords = {MPI, blue gene, collective optimization algorithms},
}

@inproceedings{Valiant:Routing,
 author = {Valiant, L. G. and Brebner, G. J.},
 title = {{Universal Schemes for Parallel Communication}},
 booktitle = {Proceedings of the Thirteenth Annual ACM Symposium on Theory of Computing},
 series = {STOC '81},
 year = {1981},
 location = {Milwaukee, Wisconsin, USA},
 pages = {263--277},
 numpages = {15},
 doi = {10.1145/800076.802479},
 acmid = {802479},
 publisher = {ACM},
 address = {New York, NY, USA},
}

@article{singh2003:goal,
  title={{GOAL: a Load-balanced Adaptive Routing Algorithm for Torus Networks}},
  author={Singh, Arjun and Dally, William J and Gupta, Amit K and Towles, Brian},
  journal={ACM SIGARCH Computer Architecture News},
  volume={31},
  number={2},
  pages={194--205},
  year={2003},
  publisher={ACM}
}

@inproceedings{Chen:BGQ,
 author = {Chen, Dong and Eisley, Noel and Heidelberger, Philip and Kumar, Sameer and Mamidala, Amith and Petrini, Fabrizio and Senger, Robert and Sugawara, Yutaka and Walkup, Robert and Steinmacher-Burow, Burkhard and Choudhury, Anamitra and Sabharwal, Yogish and Singhal, Swati and Parker, Jeffrey J.},
 title = {{Looking under the Hood of the IBM Blue Gene/Q Network}},
 booktitle = {{Proceedings of the International Conference on High Performance Computing, Networking, Storage and Analysis}},
 series = {SC '12},
 year = {2012},
 isbn = {978-1-4673-0804-5},
 location = {Salt Lake City, Utah},
 pages = {69:1--69:12},
 articleno = {69},
 numpages = {12},
 acmid = {2389090},
 publisher = {IEEE Computer Society Press},
 address = {Los Alamitos, CA, USA},
 keywords = {Blue Gene, GUPS, interconnection network, network performance, network routing},
}

@inproceedings{garcia2013:CrayDragonfly,
  title={{Efficient Routing Mechanisms for Dragonfly Networks}},
  author={Garcia, Marina and Vallejo, Enrique and Beivide, Ram{\'o}n and Odriozola, Miguel and Valero, Mateo},
  booktitle={Parallel Processing (ICPP), 2013 42nd International Conference on},
  pages={582--592},
  year={2013},
  organization={IEEE}
}

@inproceedings{Ali:IOForwarding,
  author    = {Nawab Ali and
               Philip H. Carns and
               Kamil Iskra and
               Dries Kimpe and
               Samuel Lang and
               Robert Latham and
               Robert B. Ross and
               Lee Ward and
               P. Sadayappan},
  title     = {{Scalable I/O Forwarding Framework for High-performance Computing Systems}},
  booktitle = {CLUSTER},
  year      = {2009},
  pages     = {1-10},
}

@inproceedings{Vishwanath:IOForwarding,
  author    = {Venkatram Vishwanath and
               Mark Hereld and
               Kamil Iskra and
               Dries Kimpe and
               Vitali A. Morozov and
               Michael E. Papka and
               Robert B. Ross and
               Kazutomo Yoshii},
  title     = {{Accelerating I/O Forwarding in IBM Blue Gene/P Systems}},
  booktitle = {SC},
  year      = {2010},
  pages     = {1-10},
}

@inproceedings{Vishwanath:GLEAN,
 author = {Vishwanath, Venkatram and Hereld, Mark and Morozov, Vitali and Papka, Michael E.},
 title = {{Topology-aware Data Movement and Staging for I/O Acceleration on Blue Gene/P Supercomputing Systems}},
 booktitle = {{Proceedings of 2011 International Conference for High Performance Computing, Networking, Storage and Analysis}},
 series = {SC '11},
 year = {2011},
 isbn = {978-1-4503-0771-0},
 location = {Seattle, Washington},
 pages = {19:1--19:11},
 articleno = {19},
 numpages = {11},
 doi = {10.1145/2063384.2063409},
 acmid = {2063409},
 publisher = {ACM},
 address = {New York, NY, USA},
}

@inproceedings{Chen:MessagingUnit,
 author = {Chen, Dong and Eisley, Noel A. and Heidelberger, Philip and Senger, Robert M. and Sugawara, Yutaka and Kumar, Sameer and Salapura, Valentina and Satterfield, David L. and Steinmacher-Burow, Burkhard and Parker, Jeffrey J.},
 title = {{The IBM Blue Gene/Q Interconnection Network and Message Unit}},
 booktitle = {Proceedings of 2011 International Conference for High Performance Computing, Networking, Storage and Analysis},
 series = {SC '11},
 year = {2011},
 isbn = {978-1-4503-0771-0},
 location = {Seattle, Washington},
 pages = {26:1--26:10},
 articleno = {26},
 numpages = {10},
 acmid = {2063419},
 publisher = {ACM},
 address = {New York, NY, USA},
 keywords = {interconnect technologies, network interface architecture, parallel computer architecture, router architecture, routing algorithms and techniques},
}

@book{BGQRedbook:Gilge,
  title={{IBM System Blue Gene Solution Blue Gene/Q Application Development}},
  author={Gilge, Megan and others},
  year={2013},
  publisher={IBM Redbooks}
}

@article{Chen:BGQInterconnection,
author = {Dong Chen and Noel A. Eisley and Philip Heidelberger and Robert M. Senger and Yutaka Sugawara and Sameer Kumar and Valentina Salapura and David Satterfield and Burkhard Steinmacher-Burow and Jeffrey Parker},
title = {{The IBM Blue Gene/Q Interconnection Fabric}},
journal ={IEEE Micro},
volume = {32},
number = {1},
issn = {0272-1732},
year = {2012},
pages = {32-43},
publisher = {IEEE Computer Society},
address = {Los Alamitos, CA, USA},
}

@article{CESM:Collins,
  title={{The Community Climate System Model version 3 (CCSM3).}},
  author={Collins, William D and Bitz, Cecilia M and Blackmon, Maurice L and Bonan, Gordon B and Bretherton, Christopher S and Carton, James A and Chang, Ping and Doney, Scott C and Hack, James J and Henderson, Thomas B and others},
  journal={Journal of Climate},
  volume={19},
  number={11},
  year={2006}
}

@inproceedings{Habib:HACC,
 author = {Habib, Salman and Morozov, Vitali and Finkel, Hal and Pope, Adrian and Heitmann, Katrin and Kumaran, Kalyan and Peterka, Tom and Insley, Joe and Daniel, David and Fasel, Patricia and Frontiere, Nicholas and Luki\'{c}, Zarija},
 title = {{The Universe at Extreme Scale: Multi-petaflop Sky Simulation on the BG/Q}},
 booktitle = {Proceedings of the International Conference on High Performance Computing, Networking, Storage and Analysis},
 series = {SC '12},
 year = {2012},
 isbn = {978-1-4673-0804-5},
 location = {Salt Lake City, Utah},
 pages = {4:1--4:11},
 articleno = {4},
 numpages = {11},
 acmid = {2389002},
 publisher = {IEEE Computer Society Press},
 address = {Los Alamitos, CA, USA},
}

@incollection{ford1987maximal,
  title={Maximal flow through a network},
  author={Ford Jr, LR and Fulkerson, DR},
  booktitle={Classic papers in combinatorics},
  pages={243--248},
  year={1987},
  publisher={Springer}
}

@INPROCEEDINGS{hbui:bgq,
author={Huy Bui and Finkel, H. and Vishwanath, V. and Habib, S. and Heitmann, K. and Leigh, J. and Papka, M. and Harms, K.},
booktitle={Parallel, Distributed and Network-Based Processing (PDP), 2014 22nd Euromicro International Conference on},
title={{Scalable Parallel I/O on a Blue Gene/Q Supercomputer Using Compression, Topology-Aware Data Aggregation, and Subfiling}},
year={2014},
month={Feb},
pages={107-111},
keywords={data compression;parallel machines;parallel processing;topology;application-level benchmark;blue gene/Q supercomputer;lossless data compression;microbenchmarks;scalable parallel I/O performance;topology-aware data aggregation;topology-aware data movement;Bandwidth;Benchmark testing;Data compression;Libraries;Network topology;Supercomputers;Writing;compression;subfiling;topology-aware data movement},
doi={10.1109/PDP.2014.60},
ISSN={1066-6192},}

@inproceedings{SDAV:Bui2014b,
  author    = {Huy Bui and
	       Eun{-}Sung Jung and
               Venkatram Vishwanath and
	       Jason Leigh and
               Michael E. Papka},
  title     = {Improving Data Movement Performance for Sparse Data Patterns on the
               Blue Gene/Q Supercomputer},
  booktitle = {43rd International Conference on Parallel Processing Workshops, {ICPPW}
               2014, Minneapolis, MN, USA, September 9-12, 2014},
  pages     = {302--311},
  year      = {2014},
}


@inproceedings{hbui:optiq,
  author    = {Huy Bui and
               Robert Jacob and
               Preeti Malakar and
               Venkatram Vishwanath and
	       Andrew Johnson and
               Michael E. Papka and
	       Jason Leigh},
  title     = {Multipath Load Balancing for M Ã— N Communication Patterns on the Blue Gene/Q Supercomputer Interconnection Network},
  booktitle = {Cluster Computing (CLUSTER), 2015 IEEE International Conference on}}
  year      = {2015},
  month     = {Sept}, 
}
