@inproceedings{Bhatele:mapping,
 author = {Bhatele, Abhinav and Gamblin, Todd and Langer, Steven H. and Bremer, Peer-Timo and Draeger, Erik W. and Hamann, Bernd and Isaacs, Katherine E. and Landge, Aaditya G. and Levine, Joshua A. and Pascucci, Valerio and Schulz, Martin and Still, Charles H.},
 title = {{Mapping Applications with Collectives over Sub-communicators on Torus Networks}},
 booktitle = {Proceedings of the International Conference on High Performance Computing, Networking, Storage and Analysis},
 series = {SC '12},
 year = {2012},
 isbn = {978-1-4673-0804-5},
 location = {Salt Lake City, Utah},
 pages = {97:1--97:11},
 articleno = {97},
 numpages = {11},
 acmid = {2389128},
 publisher = {IEEE Computer Society Press},
 address = {Los Alamitos, CA, USA},
}

@article{CESM:Collins,
  title={{The Community Climate System Model version 3 (CCSM3).}},
  author={Collins, William D and Bitz, Cecilia M and Blackmon, Maurice L and Bonan, Gordon B and Bretherton, Christopher S and Carton, James A and Chang, Ping and Doney, Scott C and Hack, James J and Henderson, Thomas B and others},
  journal={Journal of Climate},
  volume={19},
  number={11},
  year={2006}
}

@inproceedings{garcia2013:CrayDragonfly,
  title={{Efficient Routing Mechanisms for Dragonfly Networks}},
  author={Garcia, Marina and Vallejo, Enrique and Beivide, Ram{\'o}n and Odriozola, Miguel and Valero, Mateo},
  booktitle={Parallel Processing (ICPP), 2013 42nd International Conference on},
  pages={582--592},
  year={2013},
  organization={IEEE}
}

@article{singh2003:goal,
  title={{GOAL: a Load-balanced Adaptive Routing Algorithm for Torus Networks}},
  author={Singh, Arjun and Dally, William J and Gupta, Amit K and Towles, Brian},
  journal={ACM SIGARCH Computer Architecture News},
  volume={31},
  number={2},
  pages={194--205},
  year={2003},
  publisher={ACM}
}

@inproceedings{Valiant:Routing,
 author = {Valiant, L. G. and Brebner, G. J.},
 title = {{Universal Schemes for Parallel Communication}},
 booktitle = {Proceedings of the Thirteenth Annual ACM Symposium on Theory of Computing},
 series = {STOC '81},
 year = {1981},
 location = {Milwaukee, Wisconsin, USA},
 pages = {263--277},
 numpages = {15},
 doi = {10.1145/800076.802479},
 acmid = {802479},
 publisher = {ACM},
 address = {New York, NY, USA},
}

@InProceedings{Proxies:Gaurav,
author = {Gaurav Khanna and Umit Catalyurek and Tahsin Kurc and Rajkumar Kettimuthu and P. Sadayappan and Ian Foster and Joel Saltz},
title = {{Using Overlays for Efficient Data Transfer over Shared Wide-area Networks}},
journal ={SC Conference},
volume = {0},
isbn = {978-1-4244-2835-9},
year = {2008},
pages = {1-12},
publisher = {IEEE Computer Society},
address = {Los Alamitos, CA, USA},
}

@book{BGQRedbook:Gilge,
  title={{IBM System Blue Gene Solution Blue Gene/Q Application Development}},
  author={Gilge, Megan and others},
  year={2013},
  publisher={IBM Redbooks}
}

@InProceedings{SDAV:Byn2013a,
  author =    "S. Byna and A. Uselton and Prabhat and D. Knaak
              and and Y. He",
  title =     {{Trillion Particles, 120,000 cores, and 350 TBs:
              Lessons Learned from a Hero I/O Run on Hopper}},
  year =      "2013",
  location =  "Cray User Group meeting",
  url =       "http://sdav.sci.utah.edu/images/publications/Byn2013a/cug13.pdf",
}

@InProceedings{SDAV:Car2013a,
  author =    "P. Carns and Y. Yao and K. Harms and R. Latham and
              R. Ross and K. Antypas",
  title =     {{Production I/O Characterization on the Cray XE6}},
  booktitle = "Proceedings of the Cray User Group meeting 2013
              (CUG 2013)",
  year =      "2013",
  month =     "May",
}

@InProceedings{herunning,
  title		= {Running Large Scale Jobs on a Cray XE6 System},
  author		= {He, Yun Helen and Antypas, Katie},
  booktitle 	= {{Proceedings of the Cray User Group meeting 2012(CUG 2012)}},
  year 		=      "2012",
  month 		=     "May",
}

@inproceedings{Vishwanath:GLEAN,
 author = {Vishwanath, Venkatram and Hereld, Mark and Morozov, Vitali and Papka, Michael E.},
 title = {{Topology-aware Data Movement and Staging for I/O Acceleration on Blue Gene/P Supercomputing Systems}},
 booktitle = {{Proceedings of 2011 International Conference for High Performance Computing, Networking, Storage and Analysis}},
 series = {SC '11},
 year = {2011},
 isbn = {978-1-4503-0771-0},
 location = {Seattle, Washington},
 pages = {19:1--19:11},
 articleno = {19},
 numpages = {11},
 doi = {10.1145/2063384.2063409},
 acmid = {2063409},
 publisher = {ACM},
 address = {New York, NY, USA},
} 


@inproceedings{ADIOS,
 author = {Lofstead, Jay F. and Klasky, Scott and Schwan, Karsten and Podhorszki, Norbert and Jin, Chen},
 title = {{Flexible IO and integration for scientific codes through the adaptable IO system (ADIOS)}},
 booktitle = {{Proceedings of the 6th international workshop on Challenges of large applications in distributed environments}},
 series = {CLADE '08},
 year = {2008},
 isbn = {978-1-60558-156-9},
 location = {Boston, MA, USA},
 pages = {15--24},
 numpages = {10},
 acmid = {1383533},
 publisher = {ACM},
 address = {New York, NY, USA},
 keywords = {HDF-5, MPI-IO, modular IO, visualization, workflow},
}

@inproceedings{Gao:Subfiling,
 author = {Gao, Kui and Liao, Wei-keng and Nisar, Arifa and Choudhary, Alok and Ross, Robert and Latham, Robert},
 title = {{Using Subfiling to Improve Programming Flexibility and Performance of Parallel Shared-file I/O}},
 booktitle = {{Proceedings of the 2009 International Conference on Parallel Processing}},
 series = {ICPP '09},
 year = {2009},
 isbn = {978-0-7695-3802-0},
 pages = {470--477},
 numpages = {8},
 acmid = {1679728},
 publisher = {IEEE Computer Society},
 address = {Washington, DC, USA},
 keywords = {Parallel netCDF, MPI-IO, subfiling},
}

@@INPROCEEDINGS{Schendel:ISOBAR,
 author = {Schendel, Eric R. and Pendse, Saurabh V. and Jenkins, John and Boyuka,II, David A. and Gong, Zhenhuan and Lakshminarasimhan, Sriram and Liu, Qing and Kolla, Hemanth and Chen, Jackie and Klasky, Scott and Ross, Robert and Samatova, Nagiza F.},
 title = {{ISOBAR hybrid compression-I/O interleaving for large-scale parallel I/O optimization}},
 booktitle = {{Proceedings of the 21st international symposium on High-Performance Parallel and Distributed Computing}},
 series = {HPDC '12},
 year = {2012},
 isbn = {978-1-4503-0805-2},
 location = {Delft, The Netherlands},
 pages = {61--72},
 numpages = {12},
 doi = {10.1145/2287076.2287086},
 acmid = {2287086},
 publisher = {ACM},
 address = {New York, NY, USA},
 keywords = {high performance computing, hybrid interleaving, i/o, isobar, lossless compression, staging},
}

@article{Alted:BLOSC,
 author = {Alted, F.},
 title = {{Why Modern CPUs Are Starving and What Can Be Done about It}},
 journal = {Computing in Science and Engg.},
 issue_date = {March 2010},
 volume = {12},
 number = {2},
 month = mar,
 year = {2010},
 issn = {1521-9615},
 pages = {68--71},
 numpages = {4},
 doi = {10.1109/MCSE.2010.51},
 acmid = {2220212},
 publisher = {IEEE Educational Activities Department},
 address = {Piscataway, NJ, USA},
 keywords = {I/O bottleneck, keywords: CPU performance, memory speed, multlicore computing, processor speed},
}

@online{zlib,
  author = {Jean-loup Gailly and Mark Adler},
  title = {{zlib}},
  url = {http://zlib.net},
}

@INPROCEEDINGS{Shan:IOR, 
author={Hongzhang Shan and Antypas, K. and Shalf, J.}, 
booktitle={High Performance Computing, Networking, Storage and Analysis, 2008. SC 2008. International Conference for}, 
title={{Characterizing and predicting the I/O performance of HPC applications using a parameterized synthetic benchmark}}, 
year={2008}, 
pages={1-12}, 
keywords={computational complexity;input-output programs;parallel programming;pattern matching;HPC application;I/O pattern matching;I/O performance prediction;LLNL IOR synthetic benchmark;high performance computing;parameterized synthetic benchmark;supercomputing platform;unprecedented parallelism;Benchmark testing;Bridges;Concurrent computing;Hardware;Laboratories;Parallel processing;Pattern matching;Permission;Petascale computing;Predictive models}, 
doi={10.1109/SC.2008.5222721},}

@inproceedings{Habib:HACC,
 author = {Habib, Salman and Morozov, Vitali and Finkel, Hal and Pope, Adrian and Heitmann, Katrin and Kumaran, Kalyan and Peterka, Tom and Insley, Joe and Daniel, David and Fasel, Patricia and Frontiere, Nicholas and Luki\'{c}, Zarija},
 title = {{The Universe at Extreme Scale: Multi-petaflop Sky Simulation on the BG/Q}},
 booktitle = {Proceedings of the International Conference on High Performance Computing, Networking, Storage and Analysis},
 series = {SC '12},
 year = {2012},
 isbn = {978-1-4673-0804-5},
 location = {Salt Lake City, Utah},
 pages = {4:1--4:11},
 articleno = {4},
 numpages = {11},
 acmid = {2389002},
 publisher = {IEEE Computer Society Press},
 address = {Los Alamitos, CA, USA},
}

@article{Fryxell:FLASH,
  author={B. Fryxell and K. Olson and P. Ricker and F. X. Timmes and M. Zingale and D. Q. Lamb and P. MacNeice and R. Rosner and J. W.
Truran and H. Tufo},
  title={{FLASH: An Adaptive Mesh Hydrodynamics Code for Modeling Astrophysical Thermonuclear Flashes}},
  journal={The Astrophysical Journal Supplement Series},
  volume={131},
  number={1},
  pages={273},
  year={2000},
}

@article{Bicer:OnlineCompression,
author = {Tekin Bicer and Jian Yin and David Chiu and Gagan Agrawal and Karen Schuchardt},
title = {{Integrating Online Compression to Accelerate Large-Scale Data Analytics Applications}},
journal ={Parallel and Distributed Processing Symposium, International},
volume = {0},
issn = {1530-2075},
year = {2013},
pages = {1205-1216},
publisher = {IEEE Computer Society},
address = {Los Alamitos, CA, USA},
}

@inproceedings{Makatos:SSD,
 author = {Makatos, Thanos and Klonatos, Yannis and Marazakis, Manolis and Flouris, Michail D. and Bilas, Angelos},
 title = {{Using transparent compression to improve SSD-based I/O caches}},
 booktitle = {Proceedings of the 5th European conference on Computer systems},
 series = {EuroSys '10},
 year = {2010},
 isbn = {978-1-60558-577-2},
 location = {Paris, France},
 pages = {1--14},
 numpages = {14},
 acmid = {1755915},
 publisher = {ACM},
 address = {New York, NY, USA},
 keywords = {I/O performance, evaluation, online block-level compression, solid state disk caches},
}

@article{Welton:Network,
author = {Benjamin Welton and Dries Kimpe and Jason Cope and Christina M. Patrick and Kamil Iskra and Robert Ross},
title = {{Improving I/O Forwarding Throughput with Data Compression}},
journal ={2012 IEEE International Conference on Cluster Computing},
volume = {0},
isbn = {978-0-7695-4516-5},
year = {2011},
pages = {438-445},
publisher = {IEEE Computer Society},
address = {Los Alamitos, CA, USA},
}

@inproceedings{Bent:PLFS,
 author = {Bent, John and Gibson, Garth and Grider, Gary and McClelland, Ben and Nowoczynski, Paul and Nunez, James and Polte, Milo and Wingate, Meghan},
 title = {{PLFS: a checkpoint filesystem for parallel applications}},
 booktitle = {Proceedings of the Conference on High Performance Computing Networking, Storage and Analysis},
 series = {SC '09},
 year = {2009},
 isbn = {978-1-60558-744-8},
 location = {Portland, Oregon},
 pages = {21:1--21:12},
 articleno = {21},
 numpages = {12},
 acmid = {1654081},
 publisher = {ACM},
 address = {New York, NY, USA},
 keywords = {check-pointing, high performance computing, parallel computing, parallel file systems and IO},
}

@inproceedings{Ali:IOForwarding,
  author    = {Nawab Ali and
               Philip H. Carns and
               Kamil Iskra and
               Dries Kimpe and
               Samuel Lang and
               Robert Latham and
               Robert B. Ross and
               Lee Ward and
               P. Sadayappan},
  title     = {{Scalable I/O Forwarding Framework for High-performance Computing Systems}},
  booktitle = {CLUSTER},
  year      = {2009},
  pages     = {1-10},
}

@inproceedings{Vishwanath:IOForwarding,
  author    = {Venkatram Vishwanath and
               Mark Hereld and
               Kamil Iskra and
               Dries Kimpe and
               Vitali A. Morozov and
               Michael E. Papka and
               Robert B. Ross and
               Kazutomo Yoshii},
  title     = {{Accelerating I/O Forwarding in IBM Blue Gene/P Systems}},
  booktitle = {SC},
  year      = {2010},
  pages     = {1-10},
}

@inproceedings{Iskra:IOForwarding,
 author = {Iskra, Kamil and Romein, John W. and Yoshii, Kazutomo and Beckman, Pete},
 title = {{ZOID: I/O-forwarding infrastructure for petascale architectures}},
 booktitle = {Proceedings of the 13th ACM SIGPLAN Symposium on Principles and practice of parallel programming},
 series = {PPoPP '08},
 year = {2008},
 isbn = {978-1-59593-795-7},
 location = {Salt Lake City, UT, USA},
 pages = {153--162},
 numpages = {10},
 acmid = {1345230},
 publisher = {ACM},
 address = {New York, NY, USA},
 keywords = {i/o forwarding, petascale},
}

@inproceedings{Ohta:IOForwarding,
 author = {Ohta, Kazuki and Kimpe, Dries and Cope, Jason and Iskra, Kamil and Ross, Robert and Ishikawa, Yutaka},
 title = {{Optimization Techniques at the I/O Forwarding Layer}},
 booktitle = {Proceedings of the 2010 IEEE International Conference on Cluster Computing},
 series = {CLUSTER '10},
 year = {2010},
 isbn = {978-0-7695-4220-1},
 pages = {312--321},
 numpages = {10},
 acmid = {1901095},
 publisher = {IEEE Computer Society},
 address = {Washington, DC, USA},
 keywords = {I/O Forwarding, Parallel file systems, Leadership-class machines},
}

@inproceedings{Kumar:Allreduce,
 author = {Kumar, Sameer and Faraj, Daniel},
 title = {{Optimization of MPI\_Allreduce on the Blue Gene/Q Supercomputer}},
 booktitle = {Proceedings of the 20th European MPI Users' Group Meeting},
 series = {EuroMPI '13},
 year = {2013},
 isbn = {978-1-4503-1903-4},
 location = {Madrid, Spain},
 pages = {97--103},
 numpages = {7},
 acmid = {2488557},
 publisher = {ACM},
 address = {New York, NY, USA},
 keywords = {MPI, blue gene, collective optimization algorithms},
}

@inproceedings{Chen:MessagingUnit,
 author = {Chen, Dong and Eisley, Noel A. and Heidelberger, Philip and Senger, Robert M. and Sugawara, Yutaka and Kumar, Sameer and Salapura, Valentina and Satterfield, David L. and Steinmacher-Burow, Burkhard and Parker, Jeffrey J.},
 title = {{The IBM Blue Gene/Q Interconnection Network and Message Unit}},
 booktitle = {Proceedings of 2011 International Conference for High Performance Computing, Networking, Storage and Analysis},
 series = {SC '11},
 year = {2011},
 isbn = {978-1-4503-0771-0},
 location = {Seattle, Washington},
 pages = {26:1--26:10},
 articleno = {26},
 numpages = {10},
 acmid = {2063419},
 publisher = {ACM},
 address = {New York, NY, USA},
 keywords = {interconnect technologies, network interface architecture, parallel computer architecture, router architecture, routing algorithms and techniques},
} 


@article{Chen:BGQInterconnection,
author = {Dong Chen and Noel A. Eisley and Philip Heidelberger and Robert M. Senger and Yutaka Sugawara and Sameer Kumar and Valentina Salapura and David Satterfield and Burkhard Steinmacher-Burow and Jeffrey Parker},
title = {{The IBM Blue Gene/Q Interconnection Fabric}},
journal ={IEEE Micro},
volume = {32},
number = {1},
issn = {0272-1732},
year = {2012},
pages = {32-43},
publisher = {IEEE Computer Society},
address = {Los Alamitos, CA, USA},
}

@inproceedings{Chen:BGQ,
 author = {Chen, Dong and Eisley, Noel and Heidelberger, Philip and Kumar, Sameer and Mamidala, Amith and Petrini, Fabrizio and Senger, Robert and Sugawara, Yutaka and Walkup, Robert and Steinmacher-Burow, Burkhard and Choudhury, Anamitra and Sabharwal, Yogish and Singhal, Swati and Parker, Jeffrey J.},
 title = {{Looking under the Hood of the IBM Blue Gene/Q Network}},
 booktitle = {{Proceedings of the International Conference on High Performance Computing, Networking, Storage and Analysis}},
 series = {SC '12},
 year = {2012},
 isbn = {978-1-4673-0804-5},
 location = {Salt Lake City, Utah},
 pages = {69:1--69:12},
 articleno = {69},
 numpages = {12},
 acmid = {2389090},
 publisher = {IEEE Computer Society Press},
 address = {Los Alamitos, CA, USA},
 keywords = {Blue Gene, GUPS, interconnection network, network performance, network routing},
}

