@article{Yen:Kpath,
    author = {Yen, J. Y.},
    citeulike-article-id = {9468134},
    journal = {Quart. Applied Math},
    pages = {526--530},
    posted-at = {2011-06-27 21:35:30},
    priority = {2},
    title = {An Algorithm for Finding Shortest Routes from All Source Nodes to a Given Destination in General Networks},
    volume = {27},
    year = {1970}
}

@INPROCEEDINGS{hbui:bgq, 
author={Huy Bui and Finkel, H. and Vishwanath, V. and Habib, S. and Heitmann, K. and Leigh, J. and Papka, M. and Harms, K.}, 
booktitle={Parallel, Distributed and Network-Based Processing (PDP), 2014 22nd Euromicro International Conference on}, 
title={{Scalable Parallel I/O on a Blue Gene/Q Supercomputer Using Compression, Topology-Aware Data Aggregation, and Subfiling}}, 
year={2014}, 
month={Feb}, 
pages={107-111}, 
keywords={data compression;parallel machines;parallel processing;topology;application-level benchmark;blue gene/Q supercomputer;lossless data compression;microbenchmarks;scalable parallel I/O performance;topology-aware data aggregation;topology-aware data movement;Bandwidth;Benchmark testing;Data compression;Libraries;Network topology;Supercomputers;Writing;compression;subfiling;topology-aware data movement}, 
doi={10.1109/PDP.2014.60}, 
ISSN={1066-6192},}

@InProceedings{SDAV:Bui2014b,
  author =    "H. Bui and E.S. Jung and V. Vishwanath and J.
              Leigh and M. Papka",
  title =     "Improving Data Movement Performance for Sparse
              Data Patterns on Blue Gene/Q Supercomputer",
  booktitle = "7th International Workshop on Parallel Programming
              Models and Systems Software for High-End Computing
              (P2S2) held in conjunction with the 43rd
              International Conference on Parallel Processing",
  year =      "2014",
  month =     "September",
  location =  "Minneapolis, Minnesota, USA",
}

@inproceedings{Vishwanath:GLEAN,
 author = {Vishwanath, Venkatram and Hereld, Mark and Morozov, Vitali and Papka, Michael E.},
 title = {Topology-aware Data Movement and Staging for I/O Acceleration on Blue Gene/P Supercomputing Systems},
 booktitle = {Proceedings of 2011 International Conference for High Performance Computing, Networking, Storage and Analysis},
 series = {SC '11},
 year = {2011},
 isbn = {978-1-4503-0771-0},
 location = {Seattle, Washington},
 pages = {19:1--19:11},
 articleno = {19},
 numpages = {11},
 url = {http://doi.acm.org/10.1145/2063384.2063409},
 doi = {10.1145/2063384.2063409},
 acmid = {2063409},
 publisher = {ACM},
 address = {New York, NY, USA},
}
 
@inproceedings{Leighton91,
 author = {Leighton, Tom and Stein, Clifford and Makedon, Fillia and Tardos, \'{E}va and Plotkin, Serge and Tragoudas, Spyros},
 title = {{Fast Approximation Algorithms for Multicommodity Flow Problems}},
 booktitle = {Proceedings of the Twenty-third Annual ACM Symposium on Theory of Computing},
 series = {STOC '91},
 year = {1991},
 isbn = {0-89791-397-3},
 location = {New Orleans, Louisiana, USA},
 pages = {101--111},
 numpages = {11},
 url = {http://doi.acm.org/10.1145/103418.103425},
 doi = {10.1145/103418.103425},
 acmid = {103425},
 publisher = {ACM},
 address = {New York, NY, USA},
}

@INPROCEEDINGS{Racke02,
    author = {Harald Racke},
    title = {{Minimizing Congestion in General Networks}},
    booktitle = {Proceedings of the 43rd IEEE Symposium on Foundations of Computer Science (FOCS)},
    year = {2002},
    pages = {43--52},
    publisher = {}
}

@inproceedings{Azar03,
 author = {Azar, Yossi and Cohen, Edith and Fiat, Amos and Kaplan, Haim and Racke, Harald},
 title = {{Optimal Oblivious Routing in Polynomial Time}},
 booktitle = {Proceedings of the Thirty-fifth Annual ACM Symposium on Theory of Computing},
 series = {STOC '03},
 year = {2003},
 isbn = {1-58113-674-9},
 location = {San Diego, CA, USA},
 pages = {383--388},
 numpages = {6},
 url = {http://doi.acm.org/10.1145/780542.780599},
 doi = {10.1145/780542.780599},
 acmid = {780599},
 publisher = {ACM},
 address = {New York, NY, USA},
 keywords = {ellipsoid algorithm, oblivious routing},
}

@article{Applegate06,
 author = {Applegate, David and Cohen, Edith},
 title = {{Making Routing Robust to Changing Traffic Demands: Algorithms and Evaluation}},
 journal = {IEEE/ACM Trans. Netw.},
 issue_date = {December 2006},
 volume = {14},
 number = {6},
 month = dec,
 year = {2006},
 issn = {1063-6692},
 pages = {1193--1206},
 numpages = {14},
 url = {http://dx.doi.org/10.1109/TNET.2006.886296},
 doi = {10.1109/TNET.2006.886296},
 acmid = {1217691},
 publisher = {IEEE Press},
 address = {Piscataway, NJ, USA},
 keywords = {oblivious routing, routing, traffic engineering},
} 

@article{Kinsy09,
 author = {Kinsy, Michel A. and Cho, Myong Hyon and Wen, Tina and Suh, Edward and van Dijk, Marten and Devadas, Srinivas},
 title = {{Application-aware Deadlock-free Oblivious Routing}},
 journal = {SIGARCH Comput. Archit. News},
 issue_date = {June 2009},
 volume = {37},
 number = {3},
 month = jun,
 year = {2009},
 issn = {0163-5964},
 pages = {208--219},
 numpages = {12},
 url = {http://doi.acm.org/10.1145/1555815.1555782},
 doi = {10.1145/1555815.1555782},
 acmid = {1555782},
 publisher = {ACM},
 address = {New York, NY, USA},
 keywords = {oblivious routing, on-chip interconnection networks, systems-on-chip},
} 

@inproceedings{Rodriguez09,
  author = {Rodriguez, Germán and Minkenberg, Cyriel and Beivide, Ramón and Luijten, Ronald P. and Labarta, Jesús and Valero, Mateo},
  booktitle = {CLUSTER},
  date = {2010-03-08},
  pages = {1-8},
  publisher = {IEEE},
  title = {{Oblivious routing schemes in extended generalized Fat Tree networks}},
  year = 2009
}

@inproceedings{Prisacari13a,
 author = {Prisacari, Bogdan and Rodriguez, German and Minkenberg, Cyriel and Hoefler, Torsten},
 title = {{Bandwidth-optimal All-to-all Exchanges in Fat Tree Networks}},
 booktitle = {Proceedings of the 27th International ACM Conference on International Conference on Supercomputing},
 series = {ICS '13},
 year = {2013},
 isbn = {978-1-4503-2130-3},
 location = {Eugene, Oregon, USA},
 pages = {139--148},
 numpages = {10},
 url = {http://doi.acm.org/10.1145/2464996.2465434},
 doi = {10.1145/2464996.2465434},
 acmid = {2465434},
 publisher = {ACM},
 address = {New York, NY, USA},
 keywords = {all-to-all, bandwidth optimality, fat tree networks},
}

@article{Prisacari13b,
 author = {Prisacari, Bogdan and Rodriguez, German and Minkenberg, Cyriel and Hoefler, Torsten},
 title = {{Fast Pattern-specific Routing for Fat Tree Networks}},
 journal = {ACM Trans. Archit. Code Optim.},
 issue_date = {December 2013},
 volume = {10},
 number = {4},
 month = dec,
 year = {2013},
 issn = {1544-3566},
 pages = {36:1--36:25},
 articleno = {36},
 numpages = {25},
 url = {http://doi.acm.org/10.1145/2555289.2555293},
 doi = {10.1145/2555289.2555293},
 acmid = {2555293},
 publisher = {ACM},
 address = {New York, NY, USA},
 keywords = {Extended generalized fat trees, integer linear programming, optimal routing},
}

@inproceedings{Pifarre91,
 author = {Pifarr{\'e}, Gustavo D. and Gravano, Luis and Felperin, Sergio A. and Sanz, Jorge L. C.},
 title = {{Fully-adaptive Minimal Deadlock-free Packet Routing in Hypercubes, Meshes, and Other Networks}},
 booktitle = {Proceedings of the Third Annual ACM Symposium on Parallel Algorithms and Architectures},
 series = {SPAA '91},
 year = {1991},
 isbn = {0-89791-438-4},
 location = {Hilton Head, South Carolina, USA},
 pages = {278--290},
 numpages = {13},
 url = {http://doi.acm.org/10.1145/113379.113405},
 doi = {10.1145/113379.113405},
 acmid = {113405},
 publisher = {ACM},
 address = {New York, NY, USA},
} 

@inproceedings{Yelick07:PGAS,
 author = {Yelick, Katherine and Bonachea, Dan and Chen, Wei-Yu and Colella, Phillip and Datta, Kaushik and Duell, Jason and Graham, Susan L. and Hargrove, Paul and Hilfinger, Paul and Husbands, Parry and Iancu, Costin and Kamil, Amir and Nishtala, Rajesh and Su, Jimmy and Welcome, Michael and Wen, Tong},
 title = {{Productivity and Performance Using Partitioned Global Address Space Languages}},
 booktitle = {Proceedings of the 2007 International Workshop on Parallel Symbolic Computation},
 series = {PASCO '07},
 year = {2007},
 isbn = {978-1-59593-741-4},
 location = {London, Ontario, Canada},
 pages = {24--32},
 numpages = {9},
 url = {http://doi.acm.org/10.1145/1278177.1278183},
 doi = {10.1145/1278177.1278183},
 acmid = {1278183},
 publisher = {ACM},
 address = {New York, NY, USA},
 keywords = {GASNet, NAS parallel benchmarks, PGAS, UPC, one-sided communication, partitioned global address space, titanium},
}

@inproceedings{PAMI:Kumar,
 author = {Kumar, Sameer and Mamidala, Amith R. and Faraj, Daniel A. and Smith, Brian and Blocksome, Michael and Cernohous, Bob and Miller, Douglas and Parker, Jeff and Ratterman, Joseph and Heidelberger, Philip and Chen, Dong and Steinmacher-Burrow, Burkhard},
 title = {{PAMI: A Parallel Active Message Interface for the Blue Gene/Q Supercomputer}},
 booktitle = {Proceedings of the 2012 IEEE 26th International Parallel and Distributed Processing Symposium},
 series = {IPDPS '12},
 year = {2012},
 isbn = {978-0-7695-4675-9},
 pages = {763--773},
 numpages = {11},
 url = {http://dx.doi.org/10.1109/IPDPS.2012.73},
 doi = {10.1109/IPDPS.2012.73},
 acmid = {2358662},
 publisher = {IEEE Computer Society},
 address = {Washington, DC, USA},
 keywords = {MPI, Message Passing, Blue Gene, Collective Communication, Message Rate},
}

@inproceedings{CrayCascade:Faanes,
 author = {Faanes, Greg and Bataineh, Abdulla and Roweth, Duncan and Court, Tom and Froese, Edwin and Alverson, Bob and Johnson, Tim and Kopnick, Joe and Higgins, Mike and Reinhard, James},
 title = {{Cray Cascade: A Scalable HPC System Based on a Dragonfly Network}},
 booktitle = {Proceedings of the International Conference on High Performance Computing, Networking, Storage and Analysis},
 series = {SC '12},
 year = {2012},
 isbn = {978-1-4673-0804-5},
 location = {Salt Lake City, Utah},
 pages = {103:1--103:9},
 articleno = {103},
 numpages = {9},
 url = {http://dl.acm.org/citation.cfm?id=2388996.2389136},
 acmid = {2389136},
 publisher = {IEEE Computer Society Press},
 address = {Los Alamitos, CA, USA},
 keywords = {interconnect technologies, parallel and scalable system architectures, performance evaluation and measurement of real systems},
} 

@article{CESM:Collins,
  title={{The Community Climate System Model version 3 (CCSM3)}},
  author={Collins, William D and Bitz, Cecilia M and Blackmon, Maurice L and Bonan, Gordon B and Bretherton, Christopher S and Carton, James A and Chang, Ping and Doney, Scott C and Hack, James J and Henderson, Thomas B and others},
  journal={Journal of Climate},
  volume={19},
  number={11},
  year={2006}
}

@inproceedings{garcia2013:CrayDragonfly,
  title={{Efficient Routing Mechanisms for Dragonfly Networks}},
  author={Garcia, Marina and Vallejo, Enrique and Beivide, Ram{\'o}n and Odriozola, Miguel and Valero, Mateo},
  booktitle={Parallel Processing (ICPP), 2013 42nd International Conference on},
  pages={582--592},
  year={2013},
  organization={IEEE}
}

@article{singh2003:goal,
  title={{GOAL: a load-balanced adaptive routing algorithm for torus networks}},
  author={Singh, Arjun and Dally, William J and Gupta, Amit K and Towles, Brian},
  journal={ACM SIGARCH Computer Architecture News},
  volume={31},
  number={2},
  pages={194--205},
  year={2003},
  publisher={ACM}
}

@inproceedings{Valiant81:Routing,
 author = {Valiant, L. G. and Brebner, G. J.},
 title = {{Universal Schemes for Parallel Communication}},
 booktitle = {Proceedings of the Thirteenth Annual ACM Symposium on Theory of Computing},
 series = {STOC '81},
 year = {1981},
 location = {Milwaukee, Wisconsin, USA},
 pages = {263--277},
 numpages = {15},
 url = {http://doi.acm.org/10.1145/800076.802479},
 doi = {10.1145/800076.802479},
 acmid = {802479},
 publisher = {ACM},
 address = {New York, NY, USA},
}

@InProceedings{Proxies:Gaurav,
author = {Gaurav Khanna and Umit Catalyurek and Tahsin Kurc and Rajkumar Kettimuthu and P. Sadayappan and Ian Foster and Joel Saltz},
title = {{Using overlays for efficient data transfer over shared wide-area networks}},
journal ={SC Conference},
volume = {0},
isbn = {978-1-4244-2835-9},
year = {2008},
pages = {1-12},
doi = {http://doi.ieeecomputersociety.org/10.1145/1413370.1413418},
publisher = {IEEE Computer Society},
address = {Los Alamitos, CA, USA},
}

@inproceedings{Zerola09:GRID,
  author    = {Michal Zerola and
               Michal Sumbera and
               J{\'e}r{\^o}me Lauret and
               Roman Bart{\'a}k},
  title     = {{Efficient multi-site data movement in distributed environment}},
  booktitle = {GRID},
  year      = {2009},
  pages     = {171-172},
  ee        = {http://dx.doi.org/10.1109/GRID.2009.5353045},
  bibsource = {DBLP, http://dblp.uni-trier.de}
}

@article{Chen98:QoS,
 author = {Chen, Shigang and Nahrstedt, K.},
 title = {{An Overview of Quality of Service Routing for Next-generation High-speed Networks: Problems and Solutions}},
 journal = {Netwrk. Mag. of Global Internetwkg.},
 issue_date = {November 1998},
 volume = {12},
 number = {6},
 month = nov,
 year = {1998},
 issn = {0890-8044},
 pages = {64--79},
 numpages = {16},
 url = {http://dx.doi.org/10.1109/65.752646},
 doi = {10.1109/65.752646},
 acmid = {2329300},
 publisher = {IEEE Press},
 address = {Piscataway, NJ, USA},
}

@inproceedings{Subramanian04:QoS,
 author = {Subramanian, Lakshminarayanan and Stoica, Ion and Balakrishnan, Hari and Katz, Randy H.},
 title = {{OverQos: An Overlay Based Architecture for Enhancing Internet QoS}},
 booktitle = {Proceedings of the 1st Conference on Symposium on Networked Systems Design and Implementation - Volume 1},
 series = {NSDI'04},
 year = {2004},
 location = {San Francisco, California},
 pages = {6--6},
 numpages = {1},
 url = {http://dl.acm.org/citation.cfm?id=1251175.1251181},
 acmid = {1251181},
 publisher = {USENIX Association},
 address = {Berkeley, CA, USA},
}

@article{Yuan02:QoS,
 author = {Yuan, Xin},
 title = {{Heuristic Algorithms for Multiconstrained Quality-of-service Routing}},
 journal = {IEEE/ACM Trans. Netw.},
 issue_date = {April 2002},
 volume = {10},
 number = {2},
 month = apr,
 year = {2002},
 issn = {1063-6692},
 pages = {244--256},
 numpages = {13},
 url = {http://dl.acm.org/citation.cfm?id=508325.508333},
 acmid = {508333},
 publisher = {IEEE Press},
 address = {Piscataway, NJ, USA},
 keywords = {quality of service, routing},
}
@article{Lin06:QoS,
 author = {Lin, Xiaojun and Shroff, Ness B.},
 title = {{An Optimization-based Approach for QoS Routing in High-bandwidth Networks}},
 journal = {IEEE/ACM Trans. Netw.},
 issue_date = {December 2006},
 volume = {14},
 number = {6},
 month = dec,
 year = {2006},
 issn = {1063-6692},
 pages = {1348--1361},
 numpages = {14},
 url = {http://dx.doi.org/10.1109/TNET.2006.886290},
 doi = {10.1109/TNET.2006.886290},
 acmid = {1217704},
 publisher = {IEEE Press},
 address = {Piscataway, NJ, USA},
 keywords = {QoS routing, high-bandwidth networks, optimization-based approach},
} 

@article{Xue08:QoS,
 author = {Xue, Guoliang and Zhang, Weiyi and Tang, Jian and Thulasiraman, Krishnaiyan},
 title = {{Polynomial Time Approximation Algorithms for Multi-constrained QoS Routing}},
 journal = {IEEE/ACM Trans. Netw.},
 issue_date = {June 2008},
 volume = {16},
 number = {3},
 month = jun,
 year = {2008},
 issn = {1063-6692},
 pages = {656--669},
 numpages = {14},
 url = {http://dx.doi.org/10.1109/TNET.2007.900712},
 doi = {10.1109/TNET.2007.900712},
 acmid = {1399575},
 publisher = {IEEE Press},
 address = {Piscataway, NJ, USA},
 keywords = {efficient approximation algorithms, multiple additive constraints, quality-of-service (QoS) routing},
}

@MISC{Misra09:multipath,
    author = {Satyajayant Misra and Guoliang Xue and Dejun Yang},
    title = {{Polynomial Time Approximations for Multi-Path Routing with Bandwidth and Delay Constraints}},
    year = {2009}
}

@INPROCEEDINGS{Mondal09:QoS, 
author={Mondal, A and Sharma, P. and Banerjee, S. and Kuzmanovic, A}, 
booktitle={Quality of Service, 2009. IWQoS. 17th International Workshop on}, 
title={{Supporting application network flows with multiple QoS constraints}}, 
year={2009}, 
month={July}, 
pages={1-9}, 
doi={10.1109/IWQoS.2009.5201401}, 
ISSN={1548-615X}
}

@inproceedings{Jeyakumar13:EyeQ,
 author = {Jeyakumar, Vimalkumar and Alizadeh, Mohammad and Mazi\`{e}res, David and Prabhakar, Balaji and Kim, Changhoon and Greenberg, Albert},
 title = {{EyeQ: Practical Network Performance Isolation at the Edge}},
 booktitle = {Proceedings of the 10th USENIX Conference on Networked Systems Design and Implementation},
 series = {nsdi'13},
 year = {2013},
 location = {Lombard, IL},
 pages = {297--312},
 numpages = {16},
 url = {http://dl.acm.org/citation.cfm?id=2482626.2482656},
 acmid = {2482656},
 publisher = {USENIX Association},
 address = {Berkeley, CA, USA},
}

@book{BGQRedbook:Gilge,
  title={{IBM System Blue Gene Solution Blue Gene/Q Application Development}},
  author={Gilge, Megan and others},
  year={2013},
  publisher={IBM Redbooks}
}

@inproceedings{Habib:HACC,
 author = {Habib, Salman and Morozov, Vitali and Finkel, Hal and Pope, Adrian and Heitmann, Katrin and Kumaran, Kalyan and Peterka, Tom and Insley, Joe and Daniel, David and Fasel, Patricia and Frontiere, Nicholas and Luki\'{c}, Zarija},
 title = {{The universe at extreme scale: multi-petaflop sky simulation on the BG/Q}},
 booktitle = {Proceedings of the International Conference on High Performance Computing, Networking, Storage and Analysis},
 series = {SC '12},
 year = {2012},
 isbn = {978-1-4673-0804-5},
 location = {Salt Lake City, Utah},
 pages = {4:1--4:11},
 articleno = {4},
 numpages = {11},
 url = {http://dl.acm.org/citation.cfm?id=2388996.2389002},
 acmid = {2389002},
 publisher = {IEEE Computer Society Press},
 address = {Los Alamitos, CA, USA},
}

@article{Fryxell:FLASH,
  author={B. Fryxell and K. Olson and P. Ricker and F. X. Timmes and M. Zingale and D. Q. Lamb and P. MacNeice and R. Rosner and J. W.
Truran and H. Tufo},
  title={{FLASH: An Adaptive Mesh Hydrodynamics Code for Modeling Astrophysical Thermonuclear Flashes}},
  journal={The Astrophysical Journal Supplement Series},
  volume={131},
  number={1},
  pages={273},
  url={http://stacks.iop.org/0067-0049/131/i=1/a=273},
  year={2000},
}

@inproceedings{Kumar:Allreduce,
 author = {Kumar, Sameer and Faraj, Daniel},
 title = {{Optimization of MPI\_Allreduce on the Blue Gene/Q Supercomputer}},
 booktitle = {Proceedings of the 20th European MPI Users' Group Meeting},
 series = {EuroMPI '13},
 year = {2013},
 isbn = {978-1-4503-1903-4},
 location = {Madrid, Spain},
 pages = {97--103},
 numpages = {7},
 url = {http://doi.acm.org/10.1145/2488551.2488557},
 doi = {10.1145/2488551.2488557},
 acmid = {2488557},
 publisher = {ACM},
 address = {New York, NY, USA},
 keywords = {MPI, blue gene, collective optimization algorithms},
}

@inproceedings{Chen:MessagingUnit,
 author = {Chen, Dong and Eisley, Noel A. and Heidelberger, Philip and Senger, Robert M. and Sugawara, Yutaka and Kumar, Sameer and Salapura, Valentina and Satterfield, David L. and Steinmacher-Burow, Burkhard and Parker, Jeffrey J.},
 title = {{The IBM Blue Gene/Q Interconnection Network and Message Unit}},
 booktitle = {Proceedings of 2011 International Conference for High Performance Computing, Networking, Storage and Analysis},
 series = {SC '11},
 year = {2011},
 isbn = {978-1-4503-0771-0},
 location = {Seattle, Washington},
 pages = {26:1--26:10},
 articleno = {26},
 numpages = {10},
 url = {http://doi.acm.org/10.1145/2063384.2063419},
 doi = {10.1145/2063384.2063419},
 acmid = {2063419},
 publisher = {ACM},
 address = {New York, NY, USA},
 keywords = {interconnect technologies, network interface architecture, parallel computer architecture, router architecture, routing algorithms and techniques},
} 


@article{Chen:BGQInterconnection,
author = {Dong Chen and Noel A. Eisley and Philip Heidelberger and Robert M. Senger and Yutaka Sugawara and Sameer Kumar and Valentina Salapura and David Satterfield and Burkhard Steinmacher-Burow and Jeffrey Parker},
title = {{The IBM Blue Gene/Q Interconnection Fabric}},
journal ={IEEE Micro},
volume = {32},
number = {1},
issn = {0272-1732},
year = {2012},
pages = {32-43},
doi = {http://doi.ieeecomputersociety.org/10.1109/MM.2011.96},
publisher = {IEEE Computer Society},
address = {Los Alamitos, CA, USA},
}

@inproceedings{Chen:BGQ,
 author = {Chen, Dong and Eisley, Noel and Heidelberger, Philip and Kumar, Sameer and Mamidala, Amith and Petrini, Fabrizio and Senger, Robert and Sugawara, Yutaka and Walkup, Robert and Steinmacher-Burow, Burkhard and Choudhury, Anamitra and Sabharwal, Yogish and Singhal, Swati and Parker, Jeffrey J.},
 title = {{Looking under the hood of the IBM blue gene/Q network}},
 booktitle = {Proceedings of the International Conference on High Performance Computing, Networking, Storage and Analysis},
 series = {SC '12},
 year = {2012},
 isbn = {978-1-4673-0804-5},
 location = {Salt Lake City, Utah},
 pages = {69:1--69:12},
 articleno = {69},
 numpages = {12},
 url = {http://dl.acm.org/citation.cfm?id=2388996.2389090},
 acmid = {2389090},
 publisher = {IEEE Computer Society Press},
 address = {Los Alamitos, CA, USA},
 keywords = {Blue Gene, GUPS, interconnection network, network performance, network routing},
}

@inproceedings{even1975,
  title={On the complexity of time table and multi-commodity flow problems},
  author={Even, Shimon and Itai, Alon and Shamir, Adi},
  booktitle={Foundations of Computer Science, 1975., 16th Annual Symposium on},
  pages={184--193},
  year={1975},
  organization={IEEE}
}

@inproceedings{ampl,
  title={{AMPL: A Modeling Language for Mathematical Programming}},
 url={http://www.ampl.com}
}

@article{MCT:Jacob,
  title={{M$\times$ N communication and parallel interpolation in Community Climate System Model Version 3 using the model coupling toolkit}},
  author={Jacob, Robert and Larson, Jay and Ong, Everest},
  journal={International Journal of High Performance Computing Applications},
  volume={19},
  number={3},
  pages={293--307},
  year={2005},
  publisher={SAGE Publications}
}

@article{CESM:Hurrell,
  title={The community earth system model: a framework for collaborative research},
  author={Hurrell, James W and Holland, Marika M and Gent, Peter R and Ghan, S and Kay, Jennifer E and Kushner, PJ and Lamarque, J-F and Large, William G and Lawrence, D and Lindsay, Keith and others},
  journal={Bulletin of the American Meteorological Society},
  volume={94},
  number={9},
  pages={1339--1360},
  year={2013},
  publisher={American Meteorological Society}
}


@Book{ampl-book,
  author =       "Robert Fourer and David M. Gay and Brian W. Kernighan",
  title =        "AMPL: A Modeling Language for Mathematical Programming",
  year =         "1993",
  publisher =    "The Scientific Press",
}




@incollection{npc14,
year={2014},
booktitle={Network and Parallel Computing},
volume={8707},
series={Lecture Notes in Computer Science},
title={{HiNetSim: A Parallel Simulator for Large-Scale Hierarchical Direct Networks}},
publisher={Springer Berlin Heidelberg},
author={Fan, Zhiguo and Cao, Zheng and Su, Yong and Liu, Xiaoli and Wang, Zhan and Liu, Xiaobing and Zang, Dawei and An, Xuejun},
pages={120-131},
}

